@online{esp32,
    title     = {{ESP32-S3-DevKitC-1 v1.1}},
    url       = {https://docs.espressif.com/projects/esp-idf/en/latest/esp32s3/hw-reference/esp32s3/user-guide-devkitc-1.html},
    date      = {2023-03-10}
}

@online{firebase,
    title = {Firebase},
    url = {https://firebase.google.com/},
    date = {2023-03-10}
}

@manual{max30205,
    organization = {{Analog Devices}},
    title        = {{MAX30205 - Human Body Temperature Sensor}},
    year         = {2016},
    month        = {3},
    note         = {Rev. 0}
}

@manual{max30102,
    organization = {{Analog Devices}},
    title        = {{MAX30102 - High-Sensitivity Pulse Oximeter and
                     Heart-Rate Sensor for Wearable Health}},
    year         = {2018},
    month        = {10},
    note         = {Rev. 1}
}

@manual{gc9a01a,
    organization = {{Galaxycore}},
    title        = {{GC9A01A a-Si TFT LCD Single Chip Driver 240RGBx240 Resolution}},
    year         = {2019},
    month        = {7},
    note         = {Rev. 1}
}

@online{tft_espi,
  author       = {Bodmer},
  url          = {https://github.com/Bodmer/TFT_eSPI},
  title        = {{TFT\_eSPI}},
  year         = {2023},
  month        = {3}
}

@online{sparkfun_max301x,
  author       = {Sparkfun},
  url          = {https://github.com/sparkfun/SparkFun_MAX3010x_Sensor_Library},
  title        = {{SparkFun\_MAX3010x\_Sensor\_Library}},
  year         = {2022},
  month        = {5}
}

@online{protocentral_max30205,
  author       = {Protocentral},
  url          = {https://github.com/Protocentral/Protocentral_MAX30205},
  title        = {{Protocentral\_MAX30205}},
  year         = {2020},
  month        = {11}
}

@online{wifi_manager,
  author       = {tzapu},
  url          = {https://github.com/tzapu/WiFiManager},
  title        = {{WiFiManager}},
  year         = {2022},
  month        = {12}
}

@online{firebase_client_lib,
  author       = {mobizt},
  url          = {https://github.com/mobizt/Firebase-ESP32},
  title        = {{Firebase-ESP32}},
  year         = {2023},
  month        = {3}
}

@online{usb_spec,
    title     = {{Universal Serial Bus Specification}},
    url       = {http://sdpha2.ucsd.edu/Lab_Equip_Manuals/usb_20.pdf},
    date      = {2023-03-10},
    note      = {Rev. 2}
}

@manual{mcp73832,
    organization = {{Microchip}},
    title        = {{Miniature Single-Cell, Fully Integrated Li-Ion,
                     Li-Polymer Charge Management Controllers}},
    year         = {2020},
    month        = {6},
    note         = {Rev. H}
}

@manual{boost,
    organization = {{Texas Instruments}},
    title        = {{TPS6123x High Efficiency Synchronous Step Up Converters with 5-A Switches}},
    year         = {2014},
    month        = {10},
    note         = {Rev. C}
}

@manual{3v3,
    organization = {{Diodes Incorporated}},
    title        = {{AZ1117I LOW DROPOUT LINEAR REGULATOR WITH INDUSTRIAL TEMPERATURE RANGE}},
    year         = {2015}, 
    month        = {12},
    note         = {Rev. 2}
}

@manual{UART,
    organization = {{Silicon Labs}},
    title        = {{USBXpressâ„¢ Family CP2102N Data Sheet}},
    year         = {2020},
    month        = {11},
    note         = {Rev. 1.5}
}

@manual{1v8,
  organization       = {Analog Devices},
  title              = {{ADP7182 - -28 V, -200 mA, Low Noise, Linear Regulator}},
  note               = {Rev. M},
  year               = {2019},
  month              = {5}
}